%YAML 1.1
%TAG !u! tag:unity3d.com,2011:
--- !u!1001 &100100000
Prefab:
  m_ObjectHideFlags: 1
  serializedVersion: 2
  m_Modification:
    m_TransformParent: {fileID: 0}
    m_Modifications: []
    m_RemovedComponents: []
  m_SourcePrefab: {fileID: 0}
  m_RootGameObject: {fileID: 1027203485422260}
  m_IsPrefabAsset: 1
--- !u!1 &1027203485422260
GameObject:
  m_ObjectHideFlags: 0
  m_CorrespondingSourceObject: {fileID: 0}
  m_PrefabInternal: {fileID: 100100000}
  serializedVersion: 6
  m_Component:
  - component: {fileID: 4986858218290278}
  - component: {fileID: 114157140869354848}
  - component: {fileID: 23877979598925736}
  - component: {fileID: 33166198291990394}
  - component: {fileID: 114468994113310022}
  - component: {fileID: 50626597413807370}
  m_Layer: 0
  m_Name: TurretShip
  m_TagString: Untagged
  m_Icon: {fileID: 0}
  m_NavMeshLayer: 0
  m_StaticEditorFlags: 0
  m_IsActive: 1
--- !u!1 &1571411467628390
GameObject:
  m_ObjectHideFlags: 0
  m_CorrespondingSourceObject: {fileID: 0}
  m_PrefabInternal: {fileID: 100100000}
  serializedVersion: 6
  m_Component:
  - component: {fileID: 4621342208210058}
  - component: {fileID: 114252372593744460}
  m_Layer: 0
  m_Name: Grav Gun
  m_TagString: Untagged
  m_Icon: {fileID: 0}
  m_NavMeshLayer: 0
  m_StaticEditorFlags: 0
  m_IsActive: 1
--- !u!1 &1826913447310478
GameObject:
  m_ObjectHideFlags: 0
  m_CorrespondingSourceObject: {fileID: 0}
  m_PrefabInternal: {fileID: 100100000}
  serializedVersion: 6
  m_Component:
  - component: {fileID: 4087999562178448}
  - component: {fileID: 114854149641744536}
  m_Layer: 0
  m_Name: Primary Weapon
  m_TagString: Untagged
  m_Icon: {fileID: 0}
  m_NavMeshLayer: 0
  m_StaticEditorFlags: 0
  m_IsActive: 1
--- !u!4 &4087999562178448
Transform:
  m_ObjectHideFlags: 1
  m_CorrespondingSourceObject: {fileID: 0}
  m_PrefabInternal: {fileID: 100100000}
  m_GameObject: {fileID: 1826913447310478}
  m_LocalRotation: {x: 0, y: 0, z: 0, w: 1}
  m_LocalPosition: {x: 0, y: 27.9, z: 0}
  m_LocalScale: {x: 1, y: 1, z: 1}
  m_Children: []
  m_Father: {fileID: 4986858218290278}
  m_RootOrder: 0
  m_LocalEulerAnglesHint: {x: 0, y: 0, z: 0}
--- !u!4 &4621342208210058
Transform:
  m_ObjectHideFlags: 1
  m_CorrespondingSourceObject: {fileID: 0}
  m_PrefabInternal: {fileID: 100100000}
  m_GameObject: {fileID: 1571411467628390}
  m_LocalRotation: {x: 0, y: 0, z: 0, w: 1}
  m_LocalPosition: {x: 0, y: 0, z: 0}
  m_LocalScale: {x: 1, y: 1, z: 1}
  m_Children: []
  m_Father: {fileID: 4986858218290278}
  m_RootOrder: 1
  m_LocalEulerAnglesHint: {x: 0, y: 0, z: 0}
--- !u!4 &4986858218290278
Transform:
  m_ObjectHideFlags: 1
  m_CorrespondingSourceObject: {fileID: 0}
  m_PrefabInternal: {fileID: 100100000}
  m_GameObject: {fileID: 1027203485422260}
  m_LocalRotation: {x: 0, y: 0, z: 0, w: 1}
  m_LocalPosition: {x: 0, y: 0, z: 0}
  m_LocalScale: {x: 1, y: 1, z: 1}
  m_Children:
  - {fileID: 4087999562178448}
  - {fileID: 4621342208210058}
  m_Father: {fileID: 0}
  m_RootOrder: 0
  m_LocalEulerAnglesHint: {x: 0, y: 0, z: 0}
--- !u!23 &23877979598925736
MeshRenderer:
  m_ObjectHideFlags: 1
  m_CorrespondingSourceObject: {fileID: 0}
  m_PrefabInternal: {fileID: 100100000}
  m_GameObject: {fileID: 1027203485422260}
  m_Enabled: 1
  m_CastShadows: 1
  m_ReceiveShadows: 1
  m_DynamicOccludee: 1
  m_MotionVectors: 1
  m_LightProbeUsage: 0
  m_ReflectionProbeUsage: 1
  m_RenderingLayerMask: 4294967295
  m_Materials:
  - {fileID: 2100000, guid: b9e0b81f88d9d994dbec43692d08d3c7, type: 2}
  m_StaticBatchInfo:
    firstSubMesh: 0
    subMeshCount: 0
  m_StaticBatchRoot: {fileID: 0}
  m_ProbeAnchor: {fileID: 0}
  m_LightProbeVolumeOverride: {fileID: 0}
  m_ScaleInLightmap: 1
  m_PreserveUVs: 0
  m_IgnoreNormalsForChartDetection: 0
  m_ImportantGI: 0
  m_StitchLightmapSeams: 0
  m_SelectedEditorRenderState: 0
  m_MinimumChartSize: 4
  m_AutoUVMaxDistance: 0.5
  m_AutoUVMaxAngle: 89
  m_LightmapParameters: {fileID: 0}
  m_SortingLayerID: 0
  m_SortingLayer: 0
  m_SortingOrder: 0
--- !u!33 &33166198291990394
MeshFilter:
  m_ObjectHideFlags: 1
  m_CorrespondingSourceObject: {fileID: 0}
  m_PrefabInternal: {fileID: 100100000}
  m_GameObject: {fileID: 1027203485422260}
  m_Mesh: {fileID: 0}
--- !u!50 &50626597413807370
Rigidbody2D:
  serializedVersion: 4
  m_ObjectHideFlags: 1
  m_CorrespondingSourceObject: {fileID: 0}
  m_PrefabInternal: {fileID: 100100000}
  m_GameObject: {fileID: 1027203485422260}
  m_BodyType: 1
  m_Simulated: 1
  m_UseFullKinematicContacts: 0
  m_UseAutoMass: 0
  m_Mass: 1
  m_LinearDrag: 0
  m_AngularDrag: 0.05
  m_GravityScale: 1
  m_Material: {fileID: 0}
  m_Interpolate: 0
  m_SleepingMode: 1
  m_CollisionDetection: 0
  m_Constraints: 0
--- !u!114 &114157140869354848
MonoBehaviour:
  m_ObjectHideFlags: 1
  m_CorrespondingSourceObject: {fileID: 0}
  m_PrefabInternal: {fileID: 100100000}
  m_GameObject: {fileID: 1027203485422260}
  m_Enabled: 1
  m_EditorHideFlags: 0
  m_Script: {fileID: 11500000, guid: 03351eef812632d4ba150c732aaedbf7, type: 3}
  m_Name: 
  m_EditorClassIdentifier: 
  outline: 1
  outlineColor1: {r: 1, g: 1, b: 1, a: 1}
  outlineColor2: {r: 1, g: 1, b: 1, a: 0}
  OutlineWidth: 1
  outlineTexturingScale: 10
  outlineGradient: 1
  outlineNormalOffset: 1
  corners: 1
  fill: 2
  landscapeBottomDepth: 10
  fillColor1: {r: 0.928, g: 0.84546334, b: 0.22853728, a: 1}
  fillColor2: {r: 0.6488705, g: 0.402094, b: 0.7089552, a: 1}
  UVMapping1: 2
  UVMapping2: 2
  gradientOffset: {x: -4.0541115, y: -2.8886566}
  gradientAngle: 341.09863
  gradientScale: 0.02549858
  textureOffset: {x: -5, y: -5}
  textureAngle: 0
  textureScale: 0.09999611
  textureOffset2: {x: 5, y: 5}
  textureAngle2: 0
  textureScale2: 0.1
  emboss: 0
  embossColor1: {r: 1, g: 1, b: 1, a: 1}
  embossColor2: {r: 0, g: 0, b: 0, a: 1}
  embossAngle: 180
  embossOffset: 0.5
  embossSize: 10
  embossCurveSmoothness: 3
  physics: 4
  createPhysicsInEditor: 0
  createConvexMeshCollider: 0
  physicsMaterial: {fileID: 0}
  physicsMaterial2D: {fileID: 0}
  _vertexDensity: 15
  vertexCount: 60
  optimizedVertexCount: 64
  physicsColliderCount: 32
  LockPhysicsToAppearence: 0
  colliderZDepth: 100
  colliderNormalOffset: 0
  boxColliderDepth: 1
  _boxColliders: []
  lastPhysicsVertsCount: 0
  antiAliasingWidth: 0.57
  landscapeOutlineAlign: 1
  maxBeakLength: 3
  optimize: 0
  optimizeAngle: 5
  showCoordinates: 2
  gridSize: 2
  gridColor: {r: 1, g: 1, b: 1, a: 0.2}
  showGrid: 1
  gridExpansion: 2
  snapToGrid: 1
  snapHandlesToGrid: 1
  showNumberInputs: 1
  style: {fileID: 0}
  defaultStyleName: 5374796c656e616d65
  styleLocalGradientPositioning: 0
  styleLocalTexturePositioning: 0
  styleLocalEmbossPositioning: 0
  styleLocalAntialiasing: 0
  styleLocalVertexCount: 0
  styleLocalPhysicsColliderCount: 0
  hideHandles: 0
  FlattenZ: 1
  FixOverlaps: 1
  isDirty: 0
  PinUvs: 0
  AutoRefresh: 0
  AutoRefreshDelay: 0.15
  AutoRefreshDelayRandomize: 1
  PerspectiveMode: 0
  CurrentPerspective: 0
  _mFilter: {fileID: 33166198291990394}
  spline:
    precalcNormals:
    - {x: 0.6436849, y: -0.7652906, z: 0}
    - {x: -0.4478235, y: -0.894122, z: -0}
    - {x: -0.4500117, y: -0.8930227, z: -0}
    - {x: -0.4544761, y: -0.890759, z: -0}
    - {x: -0.46213403, y: -0.8868101, z: -0}
    - {x: -0.4741101, y: -0.8804656, z: -0}
    - {x: -0.49160665, y: -0.8708174, z: -0}
    - {x: -0.51555395, y: -0.8568572, z: -0}
    - {x: -0.5459756, y: -0.83780104, z: -0}
    - {x: -0.5812429, y: -0.8137301, z: -0}
    - {x: -0.6178179, y: -0.7863212, z: -0}
    - {x: -0.65115, y: -0.75894904, z: -0}
    - {x: -0.6774608, y: -0.73555887, z: -0}
    - {x: -0.69507587, y: -0.71893644, z: -0}
    - {x: -0.7044147, y: -0.70978856, z: -0}
    - {x: 0.000000084292665, y: -1, z: 0}
    - {x: 0.7044148, y: -0.7097886, z: 0}
    - {x: 0.69507587, y: -0.7189364, z: 0}
    - {x: 0.6774608, y: -0.73555887, z: 0}
    - {x: 0.65115, y: -0.7589491, z: 0}
    - {x: 0.6178179, y: -0.7863212, z: 0}
    - {x: 0.58124286, y: -0.8137302, z: 0}
    - {x: 0.54597557, y: -0.8378011, z: 0}
    - {x: 0.51555395, y: -0.8568571, z: 0}
    - {x: 0.4916066, y: -0.8708174, z: 0}
    - {x: 0.4741101, y: -0.8804656, z: 0}
    - {x: 0.462134, y: -0.8868102, z: 0}
    - {x: 0.4544761, y: -0.89075893, z: 0}
    - {x: 0.4500116, y: -0.8930227, z: 0}
    - {x: 0.4478235, y: -0.894122, z: 0}
    - {x: -0.6436849, y: -0.7652906, z: -0}
    - {x: -0.95747584, y: 0.28851357, z: 0}
    - {x: -0.9562199, y: 0.29264912, z: 0}
    - {x: -0.95366544, y: 0.30086923, z: 0}
    - {x: -0.9493162, y: 0.3143227, z: 0}
    - {x: -0.94262314, y: 0.33385864, z: 0}
    - {x: -0.9331447, y: 0.35950106, z: 0}
    - {x: -0.92084205, y: 0.38993576, z: 0}
    - {x: -0.90639174, y: 0.4224381, z: 0}
    - {x: -0.8912253, y: 0.4535609, z: 0}
    - {x: -0.87710196, y: 0.48030418, z: 0}
    - {x: -0.8654502, y: 0.500995, z: 0}
    - {x: -0.85695046, y: 0.5153988, z: 0}
    - {x: -0.85155815, y: 0.5242603, z: 0}
    - {x: -0.84878665, y: 0.5287356, z: 0}
    - {x: -0, y: 1, z: 0}
    - {x: 0.84878665, y: 0.5287356, z: 0}
    - {x: 0.85155815, y: 0.5242603, z: 0}
    - {x: 0.85695046, y: 0.51539874, z: 0}
    - {x: 0.8654502, y: 0.500995, z: 0}
    - {x: 0.877102, y: 0.48030418, z: 0}
    - {x: 0.8912253, y: 0.45356092, z: 0}
    - {x: 0.90639174, y: 0.4224381, z: 0}
    - {x: 0.92084205, y: 0.38993585, z: 0}
    - {x: 0.9331446, y: 0.35950112, z: 0}
    - {x: 0.94262314, y: 0.33385876, z: 0}
    - {x: 0.9493162, y: 0.3143228, z: 0}
    - {x: 0.95366544, y: 0.30086932, z: 0}
    - {x: 0.9562199, y: 0.29264918, z: 0}
    - {x: 0.95747584, y: 0.28851357, z: 0}
    - {x: 0.6436849, y: -0.76529056, z: 0}
    precalcPositions: []
    points:
    - point: {x: 16, y: -12, z: 0}
      inCtrl: {x: -6, y: 20, z: 0}
      outCtrl: {x: -12, y: 6, z: 0}
      widthMultiplier: 1
      natural: 0
    - point: {x: 0, y: -2, z: 0}
      inCtrl: {x: 4, y: -4, z: 0}
      outCtrl: {x: -4, y: -4, z: 0}
      widthMultiplier: 1
      natural: 0
    - point: {x: -16, y: -12, z: 0}
      inCtrl: {x: 12, y: 6, z: 0}
      outCtrl: {x: 6, y: 20, z: 0}
      widthMultiplier: 1
      natural: 0
    - point: {x: 0, y: 24, z: 0}
      inCtrl: {x: -10, y: -16, z: 0}
      outCtrl: {x: 9.999999, y: -16, z: 0}
      widthMultiplier: 1
      natural: 0
    PercentPrecalcNormals: 0
    Triangulate: 0
  lowQualityRender: 0
  inverseTriangleDrawOrder: 0
  overLappingVertsShift: 0.01
  CachedFillMaterial: {fileID: 2100000, guid: b9e0b81f88d9d994dbec43692d08d3c7, type: 2}
  Cached3DFillMaterial: {fileID: 2100000, guid: 5219fb704ac888d46ae75dfbeccc1868,
    type: 2}
  Cached3DAAMaterial: {fileID: 2100000, guid: 4008612ee1b9d604cae1d2303a5d4685, type: 2}
  _rageCamera: {fileID: 0}
  DestroyFarseerNow: 0
  ShowTriangleCount: 0
  FarseerPhysicsPointsOnly: 0
  PhysicsIsTrigger: 0
  WorldAaWidth: 0
--- !u!114 &114252372593744460
MonoBehaviour:
  m_ObjectHideFlags: 1
  m_CorrespondingSourceObject: {fileID: 0}
  m_PrefabInternal: {fileID: 100100000}
  m_GameObject: {fileID: 1571411467628390}
  m_Enabled: 1
  m_EditorHideFlags: 0
  m_Script: {fileID: 11500000, guid: 57accf55e7685d945a3bee16f5739afc, type: 3}
  m_Name: 
  m_EditorClassIdentifier: 
  FireButton: 306
  GravBombPrefab: {fileID: 1261568536384604, guid: 638230d82537dfc458e3f3d376ddc9ae,
    type: 2}
  ShootSpeed: 30
--- !u!114 &114468994113310022
MonoBehaviour:
  m_ObjectHideFlags: 1
  m_CorrespondingSourceObject: {fileID: 0}
  m_PrefabInternal: {fileID: 100100000}
  m_GameObject: {fileID: 1027203485422260}
  m_Enabled: 1
  m_EditorHideFlags: 0
  m_Script: {fileID: 11500000, guid: 65a479248439ff847b20ff9b08e21113, type: 3}
  m_Name: 
  m_EditorClassIdentifier: 
  RotateSpeed: 5
--- !u!114 &114854149641744536
MonoBehaviour:
  m_ObjectHideFlags: 1
  m_CorrespondingSourceObject: {fileID: 0}
  m_PrefabInternal: {fileID: 100100000}
  m_GameObject: {fileID: 1826913447310478}
  m_Enabled: 1
  m_EditorHideFlags: 0
  m_Script: {fileID: 11500000, guid: 0c8e3fba0236db2428637c4838a1b74c, type: 3}
  m_Name: 
  m_EditorClassIdentifier: 
  FireButton: 32
  BulletPrefab: {fileID: 1548644013834234, guid: 381bbbdcf4f7c634c9ed1d51730e77d8,
    type: 2}
  SparksPrefab: {fileID: 1224028248813474, guid: c11e5ffb9e3221a49ba30d7761459787,
    type: 2}
  ShootForce: 2000
